@book{Fetter,
  added-at = {2010-10-02T18:22:22.000+0200},
  address = {Boston},
  author = {Fetter, A. L. and Walecka, J. D.},
  biburl = {https://www.bibsonomy.org/bibtex/2a89d5cbb622c7993781f36e0bc778c51/brouder},
  interhash = {ddd2e05f64a10d64dbfd4c85ca8315ce},
  intrahash = {a89d5cbb622c7993781f36e0bc778c51},
  keywords = {imported},
  publisher = {McGraw-Hill},
  timestamp = {2010-10-02T18:22:26.000+0200},
  title = {Quantum Theory of Many-Particle Systems},
  year = 1971
}


@BOOK{Philip,
AUTHOR="Philip.M Morse and Herman Feshbach",
TITLE="Methods of Theoretical Physics",
volume = "1",
PUBLISHER="McGraw-Hill Book Company  INC",
YEAR="1953",
}
@BOOK{kittel,
AUTHOR="Charles Kittel",
TITLE="Introducción a la Física del Estado Sólido",
PUBLISHER="Editorial Reverté",
YEAR="1953",
}

@book{kit_esteroides,
  address = {New York},
  annote = {solidos general},
  author = {Kittel, C.},
  biburl = {https://www.bibsonomy.org/bibtex/2fe3ad8076d93edf28508a2fb3e47534b/jgl},
  citeulike-article-id = {2484199},
  comment = {solidos general},
  interhash = {d1cd34196eda3ab22db4feff1ed2b666},
  intrahash = {fe3ad8076d93edf28508a2fb3e47534b},
  keywords = {high-tc, htsct, theory},
  posted-at = {2008-03-07 13:36:21},
  priority = {2},
  publisher = {Wiley},
  timestamp = {2008-06-25T19:31:35.000+0200},
  title = {Quantum Theory of Solids},
  year = 1963
}

@BOOK{oxford,
AUTHOR="Steven H. Simon",
TITLE="The Oxford Solid State Basics",
PUBLISHER="Oxford University Press",
YEAR="2013",
}
@BOOK{jacob,
AUTHOR="Bill Jacob",
TITLE="Linear Algebra",
PUBLISHER="W.H Freeman and Company",
YEAR="1990",
}
@BOOK{kapitza,
AUTHOR="D. Ter Haa R",
TITLE="Collected Papers Of
P.L. Kapitza",
volume = "2",
PUBLISHER="Pergamon Press",
YEAR="1965",
}
@BOOK{landau,
AUTHOR="L.D. Landau and E.M. Lifshitz ",
TITLE="Mechanics",
PUBLISHER="Pergamon Press",
YEAR="1969",
}
@BOOK{ashc,
AUTHOR="Neil W. Ashcroft y N. David Mermin ",
TITLE="Solid state physics",
PUBLISHER="Harcourt College Publishers",
YEAR="1976",
}
@BOOK{solidos,
AUTHOR="J. P. McKelvey",
TITLE="Física
del Estado Sólido y de
Semiconductores ",
PUBLISHER="Eitorial Limusa",
YEAR=" 1996",
}
@BOOK{floquet,
AUTHOR="M.S.P. Eastham",
TITLE="The Spectral Theory of Periodic
Differential
Equations",
PUBLISHER="Scottish Academic Press",
YEAR="1973",
}

@BOOK{Kragh,
AUTHOR="Helge Kragh",
TITLE="Generaciones Cuánticas",
PUBLISHER="Ediciones Akal",
YEAR="2007",
}
@BOOK{valen,
AUTHOR="Valenzuela C",
TITLE="Química General:Introducción a la Química Teórica",
PUBLISHER="Ediciones Universidad de Salamanca",
YEAR="1995",
}
@BOOK{ravi,
AUTHOR="Ravi P. Agarwal and Donal O’Regan",
TITLE="An Introduction to
Ordinary Differential
Equations",
PUBLISHER="springer",
YEAR="2008",
}
@BOOK{hill,
AUTHOR="Wilhelm Magnus",
TITLE="Hill's
Equation",
PUBLISHER="Interscience publishers",
YEAR="1966",
}
@article{Phelps,
    author = "F. M. Phelps and J. H. Hunter",
    title = "An Analytical Solution of the Inverted Pendulum",
    journal = "Am. J. Phys",
    volume = "33",
    pages = "285-295",
    year = "1965",
    DOI = "doi: 10.1119/1.1971474"
}
@article{datta,
    author ="Malay Bandyopadhyay y Sushanta Dattagupta",
    title = "Quantum mechanics of rapidly and periodically driven systems",
    journal = "Pramana",
    volume =" 70, No. 3 ",
    pages = "381–398",
    year = "2008",
    DOI =       "https://doi.org/10.1007/s12043-008-0056-6"
}
@article{mart2014,
author = {Martínez, Luis and Sanjines, Diego and Gallinar, J.-P},
year = {2014},
month = {10},
pages = {1450173},
title = {Semiclassical tight-binding dynamics in rapidly oscillating fields plus a static arbitrary potential},
volume = {28},
journal = {International Journal of Modern Physics B},
doi = {10.1142/S0217979214501732}
}
@article{martinez2017,
    title={Dynamic localization in an effective tight binding Hamiltonian model with a rapidly oscillating homogeneous electric field on a lattice},
    author={L. A. Martínez-Quintana and L. A. González-Díaz},
    year={2017},
    arXiv = {1705.08752v2}
}
@article{maricq,
author = {M. Matti Maricq},
year = {1982},
month = {6},
pages = {6622-6632},
title = {Application of average Hamiltonian theory to the NMR of solids},
volume = {25},
journal = {Physical Review B},
doi = {10.1103/physrevb.25.6622}
}
@article{mananga,
    title={On the Floquet-Magnus expansion: Applications in solid-state nuclear
magnetic resonance and physics},
    author={Eugene Stephane Mananga and Thibault Charpentier},
    year={2015},
    month = {10},
    journal = {Physics Reports},
    doi ={https://doi.org/10.1016/j.physrep.2015.10.005}
}
@article{casas,
    title={Floquet theory: exponential perturbative treatment},
    author={F Casas, J A Oteo and J Ros},
    year={2000},
    month = {11},
    journal = {Journal of Physics A: Mathematical and General},
    doi ={10.1088/0305-4470/34/16/305}
}
@article{hautus,
    title={Formal and convergent solutions of ordinary differential equations },
    author={M. L. J. Hautus},
    year={1977},
    pages = {216-229},
    volume = {25},
    journal = {Indagationes Mathematicae},
    doi ={https://doi.org/10.1016/1385-7258(78)90039-2}
}
@article{raizen,
    title={New light on quantum transport},
    author={Raizen M. and Salomon C. Niu},
    year={1997},
    journal = { Physics Today}
}
@article{Shah,
    title={Ultrafast Spectroscopy of Semiconductors and Semiconductor Nanostructures},
    author={Shah J.},
    year={2013},
    journal = {Springer Science}
}
@article{wannier2,
    title={WannierStark Ladders and Bloch Oscillations in Superlattices},
    author={Emilio E. Mendez and Gerald Bastard},
    year={1993},
    journal = {Springer Science},
    DOI={10.1063/1.881353}
}
@article{Dunlap,
author = {Dunlap, D. and Kenkre, V.},
year = {1986},
month = {10},
pages = {3625-3633},
title = {Dynamic localization of a charged particle moving under the influence of an electric field},
volume = {34},
journal = {Physical review. B, Condensed matter},
doi = {10.1103/PhysRevB.34.3625}
}

@article{Longhi_2012,
doi = {10.1088/0953-8984/25/3/035603},	year = 2012,
month = {dic},
publisher = {{IOP} Publishing},
volume = {25},
number = {3},
pages = {035603},
author = {S Longhi and A Szameit},
title = {Dynamic localization in Glauber{\textendash}Fock lattices},
journal = {Journal of Physics: Condensed Matter}
}
@article{moon,
doi = {doi:10.1007/BF02417081},
year = {1886},
pages = {1-36},
author = {Hill, G. W},
title = { On the part of the motion of the lunar perigee which is a function of the mean motions of the sun and moon},
journal = {Acta Math}
}
@article{PhysRevB.34.3625,
  title = {Dynamic localization of a charged particle moving under the influence of an electric field},
  author = {Dunlap, D. H. and Kenkre, V. M.},
  journal = {Phys. Rev. B},
  volume = {34},
  issue = {6},
  pages = {3625--3633},
  numpages = {0},
  year = {1986},
  month = {Sep},
  publisher = {American Physical Society},
  doi = {10.1103/PhysRevB.34.3625},
  url = {https://link.aps.org/doi/10.1103/PhysRevB.34.3625}
}
